%{% raw %}
% Add your bibtex items here:
@article{Betoule_2014,
   title={Improved cosmological constraints from a joint analysis of the SDSS-II and SNLS supernova samples},
   volume={568},
   ISSN={1432-0746},
   url={http://dx.doi.org/10.1051/0004-6361/201423413},
   DOI={10.1051/0004-6361/201423413},
   journal={Astronomy \& Astrophysics},
   publisher={EDP Sciences},
   author={Betoule, M. and Kessler, R. and Guy, J. and Mosher, J. and Hardin, D. and Biswas, R. and Astier, P. and El-Hage, P. and Konig, M. and Kuhlmann, S. and et al.},
   year={2014},
   month={Aug},
   pages={A22}
}

@article{Scolnic_2018,
   title={The Complete Light-curve Sample of Spectroscopically Confirmed SNe Ia from Pan-STARRS1 and Cosmological Constraints from the Combined Pantheon Sample},
   volume={859},
   ISSN={1538-4357},
   url={http://dx.doi.org/10.3847/1538-4357/aab9bb},
   DOI={10.3847/1538-4357/aab9bb},
   number={2},
   journal={The Astrophysical Journal},
   publisher={American Astronomical Society},
   author={Scolnic, D. M. and Jones, D. O. and Rest, A. and Pan, Y. C. and Chornock, R. and Foley, R. J. and Huber, M. E. and Kessler, R. and Narayan, G. and Riess, A. G. and et al.},
   year={2018},
   month={May},
   pages={101}
}

@article{Guy_2007,
   title={SALT2: using distant supernovae to improve the use   of type Ia 
supernovae as distance indicators},
   volume={466},
   ISSN={1432-0746},
   url={http://dx.doi.org/10.1051/0004-6361:20066930},
   DOI={10.1051/0004-6361:20066930},
   number={1},
   journal={Astronomy \& Astrophysics},
   publisher={EDP Sciences},
   author={Guy, J. and Astier, P. and Baumont, S. and Hardin, D. and Pain, R. and Regnault, N. and Basa, S. and Carlberg, R. G. and Conley, A. and Fabbro, S. and et al.},
   year={2007},
   month={Feb},
   pages={11â€“21}
}
@article{Guy_2010,
   title={The Supernova Legacy Survey 3-year sample: Type Ia supernovae photometric distances and cosmological constraints},
   volume={523},
   ISSN={1432-0746},
   url={http://dx.doi.org/10.1051/0004-6361/201014468},
   DOI={10.1051/0004-6361/201014468},
   journal={Astronomy \& Astrophysics},
   publisher={EDP Sciences},
   author={Guy, J. and Sullivan, M. and Conley, A. and Regnault, N. and Astier, P. and Balland, C. and Basa, S. and Carlberg, R. G. and Fouchez, D. and Hardin, D. and et al.},
   year={2010},
   month={Nov},
   pages={A7}
}

@article{perrett,
    author =       {{Perrett}, K. and {Sullivan}, M. and {Conley} A. and others},
    title =        "Evolution in the {V}olumetric {T}ype Ia Supernova {R}ate from the {S}upernova {L}egacy {S}urvey",
    journal =      "The Astronomical Journal",
    volume =       "144",
    number =       "2",
    year =         "2012",
    DOI =    "10.1088/0004-6256/144/2/59"
}

@misc{laureijs2011euclid,
      title={Euclid Definition Study Report}, 
      author={{Laureijs}, R. and others},
      year={2011},
      eprint={1110.3193},
      archivePrefix={arXiv},
      primaryClass={astro-ph.CO}
}

@article{Amendola_2013,
   title={Cosmology and Fundamental Physics with the Euclid Satellite},
   volume={16},
   ISSN={1433-8351},
   url={http://dx.doi.org/10.12942/lrr-2013-6},
   DOI={10.12942/lrr-2013-6},
   number={1},
   journal={Living Reviews in Relativity},
   publisher={Springer Science and Business Media LLC},
   author={Amendola, Luca and Appleby, Stephen and Bacon, David and Baker, Tessa and Baldi, Marco and Bartolo, Nicola and Blanchard, Alain and Bonvin, Camille and Borgani, Stefano and et al.},
   year={2013},
   month={Sep}
}
@misc{spergel2015widefield,
      title={Wide-Field InfrarRed Survey Telescope-Astrophysics Focused Telescope Assets WFIRST-AFTA 2015 Report}, 
      author={D. Spergel and N. Gehrels and C. Baltay and D. Bennett and J. Breckinridge and M. Donahue and A. Dressler and B. S. Gaudi and T. Greene and O. Guyon and C. Hirata and J. Kalirai and N. J. Kasdin and B. Macintosh and W. Moos and S. Perlmutter and M. Postman and B. Rauscher and J. Rhodes and Y. Wang and D. Weinberg and D. Benford and M. Hudson and W. -S. Jeong and Y. Mellier and W. Traub and T. Yamada and P. Capak and J. Colbert and D. Masters and M. Penny and D. Savransky and D. Stern and N. Zimmerman and R. Barry and L. Bartusek and K. Carpenter and E. Cheng and D. Content and F. Dekens and R. Demers and K. Grady and C. Jackson and G. Kuan and J. Kruk and M. Melton and B. Nemati and B. Parvin and I. Poberezhskiy and C. Peddie and J. Ruffa and J. K. Wallace and A. Whipple and E. Wollack and F. Zhao},
      year={2015},
      eprint={1503.03757},
      archivePrefix={arXiv},
      primaryClass={astro-ph.IM}
}
%{% endraw %}
